<?xml version="1.0" encoding="UTF-8"?><collection xmlns="http://www.loc.gov/MARC21/slim"><record><leader>00512nam--2200193-i-4500</leader><controlfield tag="001">000023908</controlfield><controlfield tag="002">20161230</controlfield><controlfield tag="005">20170115232054</controlfield><controlfield tag="008">060222s1000------------r-----000-0-eng-d</controlfield><datafield ind1=" " ind2=" " tag="020"><subfield code="a">0471997021</subfield></datafield><datafield ind1=" " ind2=" " tag="040"><subfield code="a">IFIN-HH</subfield></datafield><datafield ind1=" " ind2=" " tag="080"><subfield code="a">537.6</subfield></datafield><datafield ind1="1" ind2=" " tag="100"><subfield code="a">Kalvius, G.M</subfield></datafield><datafield ind1="1" ind2="0" tag="245"><subfield code="a">Experimental magnetism</subfield><subfield code="b">Vol. 1</subfield><subfield code="c">G.M. Kalvius: R.S. Tebble (eds.)</subfield></datafield><datafield ind1=" " ind2=" " tag="260"><subfield code="a">Chischeter</subfield><subfield code="b">John Wiley &amp; Sons, Ltd</subfield><subfield code="c">1979</subfield></datafield><datafield ind1=" " ind2=" " tag="300"><subfield code="a">XV + 346p</subfield></datafield><datafield ind1=" " ind2=" " tag="700"><subfield code="a">Tebble, R.S</subfield></datafield><datafield ind1=" " ind2=" " tag="852"><subfield code="a">46924</subfield><subfield code="c">537:538</subfield></datafield><datafield ind1=" " ind2=" " tag="CAT"><subfield code="a">SYS</subfield><subfield code="c">20170115</subfield><subfield code="h">232054</subfield></datafield></record></collection>